<record><leader>00000cas a22000007a 4500</leader><controlfield tag="001">12005369</controlfield><controlfield tag="008">850507d19311932wiuwr ne      0    0eng d</controlfield><datafield ind1=" " ind2=" " tag="010"><subfield code="a">sn 85040707 </subfield></datafield><datafield ind1=" " ind2=" " tag="040"><subfield code="a">NPV</subfield><subfield code="b">eng</subfield><subfield code="c">NPV</subfield><subfield code="d">OCLCQ</subfield></datafield><datafield ind1=" " ind2=" " tag="042"><subfield code="a">msc</subfield></datafield><datafield ind1=" " ind2=" " tag="045"><subfield code="a">x3x3</subfield></datafield><datafield ind1=" " ind2=" " tag="052"><subfield code="a">4123</subfield><subfield code="b">F7</subfield></datafield><datafield ind1="0" ind2="0" tag="245"><subfield code="a">Wabeno advertiser &amp; the Forest County tribune.</subfield></datafield><datafield ind1="3" ind2="0" tag="246"><subfield code="a">Forest County tribune</subfield></datafield><datafield ind1="1" ind2="3" tag="246"><subfield code="a">Wabeno advertiser and the Forest County tribune</subfield></datafield><datafield ind1="1" ind2="3" tag="246"><subfield code="a">Wabeno advertiser Soperton Forest County tribune</subfield></datafield><datafield ind1="1" ind2="3" tag="246"><subfield code="a">Advertiser Forest County tribune</subfield></datafield><datafield ind1="1" ind2="7" tag="246"><subfield code="a">Wabeno advertiser and Forest County tribune</subfield></datafield><datafield ind1=" " ind2=" " tag="260"><subfield code="a">Wabeno, Wis. :</subfield><subfield code="b">A.J. Fehrenbach,</subfield><subfield code="c">-1932.</subfield></datafield><datafield ind1=" " ind2=" " tag="300"><subfield code="a">1 v. :</subfield><subfield code="b">ill.</subfield></datafield><datafield ind1=" " ind2=" " tag="310"><subfield code="a">Weekly</subfield></datafield><datafield ind1="0" ind2=" " tag="362"><subfield code="a">-v. 13, no. 4 (Feb. 26, 1932).</subfield></datafield><datafield ind1="1" ind2=" " tag="362"><subfield code="a">Began in 1931.</subfield></datafield><datafield ind1=" " ind2=" " tag="500"><subfield code="a">Title varies: Wabeno advertiser Soperton Forest County tribune, Oct. 2, 1931-Feb. 12, 1932.</subfield></datafield><datafield ind1=" " ind2=" " tag="500"><subfield code="a">Editor: A.J. Fehrenbach.</subfield></datafield><datafield ind1=" " ind2=" " tag="530"><subfield code="a">Available on microfilm from The State Historical Society of Wisconsin.</subfield></datafield><datafield ind1=" " ind2=" " tag="580"><subfield code="a">Formed by the union of Advertiser (Wabeno, Wis.) and Forest County tribune.</subfield></datafield><datafield ind1=" " ind2=" " tag="580"><subfield code="a">Split into Wabeno advertiser and Forest County tribune.</subfield></datafield><datafield ind1=" " ind2=" " tag="588"><subfield code="a">Description based on: Vo. 12, no. 8 (Sept. 18, 1931).</subfield></datafield><datafield ind1=" " ind2=" " tag="752"><subfield code="a">United States</subfield><subfield code="b">Wisconsin</subfield><subfield code="c">Forest</subfield><subfield code="d">Wabeno.</subfield></datafield><datafield ind1=" " ind2=" " tag="752"><subfield code="a">United States</subfield><subfield code="b">Wisconsin</subfield><subfield code="c">Forest</subfield><subfield code="d">Soperton.</subfield></datafield><datafield ind1="1" ind2="4" tag="780"><subfield code="t">Advertiser (Wabeno, Wis.)</subfield><subfield code="w">(DLC)sn 85040706</subfield></datafield><datafield ind1="1" ind2="4" tag="785"><subfield code="t">Forest County tribune</subfield></datafield><datafield ind1="1" ind2="6" tag="785"><subfield code="t">Wabeno advertiser</subfield><subfield code="w">(DLC)sn 85040708</subfield></datafield><datafield ind1="1" ind2="6" tag="785"><subfield code="t">Forest County tribune</subfield></datafield></record>